<record><leader>00000cas a2200000 a 4500</leader><controlfield tag="001">12072992</controlfield><controlfield tag="008">850523d19101961ksuwr ne      0    0eng d</controlfield><datafield ind1=" " ind2=" " tag="010"><subfield code="a">sn 85030358 </subfield></datafield><datafield ind1=" " ind2=" " tag="040"><subfield code="a">KSH</subfield><subfield code="b">eng</subfield><subfield code="c">KSH</subfield><subfield code="d">NPT</subfield><subfield code="d">OCL</subfield><subfield code="d">OCLCQ</subfield></datafield><datafield ind1=" " ind2=" " tag="042"><subfield code="a">msc</subfield></datafield><datafield ind1="0" ind2=" " tag="130"><subfield code="a">Beloit daily call (Beloit, Kan. : Weekly)</subfield></datafield><datafield ind1="1" ind2="0" tag="245"><subfield code="a">Beloit daily call.</subfield></datafield><datafield ind1=" " ind2=" " tag="260"><subfield code="a">Beloit, Kan. :</subfield><subfield code="b">A.B. Adamson,</subfield><subfield code="c">1910-1961.</subfield></datafield><datafield ind1=" " ind2=" " tag="300"><subfield code="a">53 v. :</subfield><subfield code="b">ill. ;</subfield><subfield code="c">56 cm.</subfield></datafield><datafield ind1=" " ind2=" " tag="310"><subfield code="a">Weekly</subfield></datafield><datafield ind1="0" ind2=" " tag="362"><subfield code="a">Vol. 9, no. 98 (Feb. 24, 1910)-v. 61, no. 60 (Dec. 28, 1961).</subfield></datafield><datafield ind1=" " ind2=" " tag="500"><subfield code="a">Weekly edition published on Thursday.</subfield></datafield><datafield ind1=" " ind2=" " tag="515"><subfield code="a">Numbered in sequence with: Beloit daily call (Beloit, Kan. : Daily).</subfield></datafield><datafield ind1=" " ind2=" " tag="580"><subfield code="a">Issued also in daily edition called: Beloit daily call (Beloit, Kan. : Daily).</subfield></datafield><datafield ind1=" " ind2=" " tag="752"><subfield code="a">United States</subfield><subfield code="b">Kansas</subfield><subfield code="c">Mitchell</subfield><subfield code="d">Beloit.</subfield></datafield><datafield ind1="1" ind2=" " tag="775"><subfield code="t">Beloit daily call (Beloit, Kan. : Daily)</subfield><subfield code="w">(DLC)sn 84006950</subfield></datafield><datafield ind1="0" ind2="0" tag="780"><subfield code="t">Western call</subfield><subfield code="w">(DLC)sn 85030354</subfield></datafield><datafield ind1="0" ind2="5" tag="780"><subfield code="t">Hunter herald</subfield><subfield code="g">Aug. 29, 1946</subfield><subfield code="w">(DLC)sn 85030499</subfield></datafield><datafield ind1="0" ind2="7" tag="785"><subfield code="t">Beloit gazette</subfield><subfield code="w">(DLC)sn 85030336</subfield></datafield><datafield ind1="0" ind2="7" tag="785"><subfield code="t">Beloit daily call and weekly call-gazette</subfield><subfield code="w">(DLC)sn 85030349</subfield></datafield><datafield ind1="1" ind2=" " tag="029"><subfield code="a">AU@</subfield><subfield code="b">000040181020</subfield></datafield></record>